@article{Philip,
  title   = {More Is Different - Broken symmetry and the nature of the hierarchical structure of science.},
  author  = {Philip W. Anderson},
  journal = {Science},
  volume  = {177},
  issue   = {4047},
  pages   = {393--396},
  year    = {1972},
  month   = {August},
  doi     = {10.1126/science.177.4047.393}
}

@article{Chen,
  title   = {An integrated space-to-ground quantum communication network over 4,600 kilometres},
  author  = {Yu-Ao Chen, Qiang Zhang, Teng-Yun Chen, et al.},
  journal = {Nature},
  volume  = {589},
  issue   = {7841},
  pages   = {214--219},
  year    = {2021},
  month   = {January},
  doi     = {10.1038/s41586-020-03093-8}
}
