@article{FWMSS,
  title = {Observation of Squeezed States Generated by Four-Wave Mixing in an Optical Cavity},
  author = {Slusher, R. E. and Hollberg, L. W. and Yurke, B. and Mertz, J. C. and Valley, J. F.},
  journal = {Phys. Rev. Lett.},
  volume = {55},
  issue = {22},
  pages = {2409--2412},
  numpages = {0},
  year = {1985},
  month = {Nov},
  publisher = {American Physical Society},
  doi = {10.1103/PhysRevLett.55.2409},
  url = {https://link.aps.org/doi/10.1103/PhysRevLett.55.2409}
}

@article{FWMIE,
  title = {Four-wave mixing in three-level systems: Interference and entanglement},
  author = {Du, Shengwang and Oh, Eun and Wen, Jianming and Rubin, Morton H.},
  journal = {Phys. Rev. A},
  volume = {76},
  issue = {1},
  pages = {013803},
  numpages = {4},
  year = {2007},
  month = {Jul},
  publisher = {American Physical Society},
  doi = {10.1103/PhysRevA.76.013803},
  url = {https://link.aps.org/doi/10.1103/PhysRevA.76.013803}
}

@article{CCQF,
  title = {Coherent Control of Quantum Fluctuations Using Cavity Electromagnetically Induced Transparency},
  author = {Souza, J. A. and Figueroa, E. and Chibani, H. and Villas-Boas, C. J. and Rempe, G.},
  journal = {Phys. Rev. Lett.},
  volume = {111},
  issue = {11},
  pages = {113602},
  numpages = {5},
  year = {2013},
  month = {Sep},
  publisher = {American Physical Society},
  doi = {10.1103/PhysRevLett.111.113602},
  url = {https://link.aps.org/doi/10.1103/PhysRevLett.111.113602}
}
